@misc{HammingWeight,
	title = {Hamming weight},
	author = {Wikipedia},
	howpublished = {\url{https://en.wikipedia.org/wiki/Hamming_weight}},
	note = {Accessed: 2017-04-24}
}

@misc{Seander05,
	title = {Bit Twiddling Hacks},
	author = {Sean Eron Anderson},
	howpublished = {\url{http://graphics.stanford.edu/~seander/bithacks.html}},
	note = {Accessed: 2017-04-24}
}

@misc{Fgiesen13,
	title = {Bit scanning equivalencies},
	howpublished = {\url{https://fgiesen.wordpress.com/2013/10/18/bit-scanning-equivalencies/}},
	note = {Accessed: 2017-04-24}
}

@book{Warren12,
	author = {Warren, Henry S.},
	title = {Hacker's Delight},
	year = {2012},
	isbn = {0321842685, 9780321842688},
	edition = {2nd},
	publisher = {Addison-Wesley Professional},
} 
